<collection xmlns="http://www.loc.gov/MARC21/slim">
<record>
  <leader>01661nam0a22003251i 450 </leader>
  <controlfield tag="001">IT\ICCU\CNCE\060880</controlfield>
  <controlfield tag="005">20050901000000.0</controlfield>
  <datafield tag="012" ind1=" " ind2=" ">
    <subfield code="a">*.*. **** **** **** (C) 1536 (R)</subfield>
    <subfield code="2">fei</subfield>
  </datafield>
  <datafield tag="100" ind1=" " ind2=" ">
    <subfield code="a">20050803d1536        0itac0103    ba</subfield>
  </datafield>
  <datafield tag="101" ind1=" " ind2=" ">
    <subfield code="a">LAT</subfield>
    <subfield code="a">GRC</subfield>
  </datafield>
  <datafield tag="102" ind1=" " ind2=" ">
    <subfield code="a">IT</subfield>
  </datafield>
  <datafield tag="200" ind1="1" ind2=" ">
    <subfield code="a">Organon tou Aristotelous</subfield>
  </datafield>
  <datafield tag="210" ind1=" " ind2=" ">
    <subfield code="e">Venetiis</subfield>
    <subfield code="g">in aedibus Bartholomaei Zanetti Casterzagensis</subfield>
    <subfield code="h">aere uero</subfield>
    <subfield code="h">&amp; diligentia Ioannis Francisci Trincaueli</subfield>
    <subfield code="h">anno a partu Virginis 1536 mense augusti</subfield>
  </datafield>
  <datafield tag="215" ind1=" " ind2=" ">
    <subfield code="a">\282! c.</subfield>
    <subfield code="d"></subfield>
  </datafield>
  <datafield tag="300" ind1=" " ind2=" ">
    <subfield code="a"></subfield>
  </datafield>
  <datafield tag="620" ind1=" " ind2=" ">
    <subfield code="a">IT</subfield>
    <subfield code="d">Venezia</subfield>
  </datafield>
  <datafield tag="700" ind1=" " ind2="0">
    <subfield code="a">Aristoteles</subfield>
    <subfield code="3">IT\ICCU\CNCA\000006</subfield>
  </datafield>
  <datafield tag="712" ind1="0" ind2="0">
    <subfield code="a">Zanetti, Bartolomeo</subfield>
    <subfield code="3">IT\ICCU\CNCT\000454</subfield>
    <subfield code="4">650</subfield>
  </datafield>
  <datafield tag="790" ind1=" " ind2="0">
    <subfield code="a">Aristotele</subfield>
    <subfield code="3">IT\ICCU\CNCA\018928</subfield>
    <subfield code="z">Aristoteles</subfield>
  </datafield>
  <datafield tag="791" ind1="0" ind2="2">
    <subfield code="a">Bartholomaeus Casterzagensis</subfield>
    <subfield code="3">IT\ICCU\CNCT\003567</subfield>
    <subfield code="z">Zanetti, Bartolomeo</subfield>
  </datafield>
  <datafield tag="791" ind1="0" ind2="0">
    <subfield code="a">Zanettis, Bartholomeus de</subfield>
    <subfield code="3">IT\ICCU\CNCT\005782</subfield>
    <subfield code="z">Zanetti, Bartolomeo</subfield>
  </datafield>
  <datafield tag="791" ind1="0" ind2="2">
    <subfield code="a">Bartholomaeus Brixiensis</subfield>
    <subfield code="3">IT\ICCU\CNCT\005783</subfield>
    <subfield code="z">Zanetti, Bartolomeo</subfield>
  </datafield>
  <datafield tag="791" ind1="0" ind2="0">
    <subfield code="a">Zannettus, Bartholomeus</subfield>
    <subfield code="3">IT\ICCU\CNCT\005784</subfield>
    <subfield code="z">Zanetti, Bartolomeo</subfield>
  </datafield>
  <datafield tag="791" ind1="0" ind2="0">
    <subfield code="a">Zanettus, Bartholomaeus</subfield>
    <subfield code="3">IT\ICCU\CNCT\005785</subfield>
    <subfield code="z">Zanetti, Bartolomeo</subfield>
  </datafield>
  <datafield tag="791" ind1="0" ind2="2">
    <subfield code="a">Bartholomaeus Brixianeus</subfield>
    <subfield code="3">IT\ICCU\CNCT\005786</subfield>
    <subfield code="z">Zanetti, Bartolomeo</subfield>
  </datafield>
  <datafield tag="791" ind1="0" ind2="0">
    <subfield code="a">Gianettis, Bartholomeus de</subfield>
    <subfield code="3">IT\ICCU\CNCT\005787</subfield>
    <subfield code="z">Zanetti, Bartolomeo</subfield>
  </datafield>
  <datafield tag="791" ind1="0" ind2="0">
    <subfield code="a">Zannetti, Bartolomeo</subfield>
    <subfield code="3">IT\ICCU\CNCT\005788</subfield>
    <subfield code="z">Zanetti, Bartolomeo</subfield>
  </datafield>
  <datafield tag="801" ind1=" " ind2="3">
    <subfield code="a">IT</subfield>
    <subfield code="b">ICCU</subfield>
    <subfield code="c">20201115</subfield>
  </datafield>
  <datafield tag="899" ind1=" " ind2=" ">
    <subfield code="a">Biblioteca civica Giovanni Canna. Casale Monferrato</subfield>
    <subfield code="1">AL0114</subfield>
    <subfield code="2">TO0 49</subfield>
  </datafield>
  <datafield tag="899" ind1=" " ind2=" ">
    <subfield code="a">Biblioteca del Seminario vescovile. Mondov</subfield>
    <subfield code="1">CN0066</subfield>
    <subfield code="2">TO0 56</subfield>
  </datafield>
</record>
</collection>
